3367 5350
368 333 515 408 284
1676 355 2058 409 ffrmxx.

362 529 501 582 Novo
520 529 633 608 alo·
852 521 1171 590 Omnibus
1214 521 1339 588 hoo
1384 523 1700 608 scriptum
1751 525 1986 588 visuris
2033 522 2138 588 vel
2183 523 2520 602 audituriS,
2569 522 2902 588 ,Iohannes
2939 521 3010 586 de
3141 585 3153 618 ι

364 601 599 652 m·
721 619 1107 704 Graystock‚
1160 621 1455 684 salutem.
1576 619 1746 694 Quia
1805 621 2102 684 dominus
2163 621 2542 704 Ranulphus
2609 623 2700 684 de
2763 619 3012 701 Merlay,

720 723 1080 780 antecessor
1124 737 1328 796 meus,
1358 721 1428 780 et
1458 715 1764 780 fundator
1791 717 2115 780 abbathiae
2159 717 2328 780 Novi
2381 717 2808 794 Monasterii,
2835 715 3017 790 dedit,

718 814 1057 890 concessit,
1088 817 1157 876 et
1202 817 1381 876 carta
1426 831 1542 876 sua
1590 813 1999 876 confirmavit
2027 813 2269 876 Abbati
2317 819 2390 876 et
2427 814 2802 876 conventui
2846 813 3020 873 dictae
3149 812 3168 881 l

722 909 953 972 domus
984 909 1423 972 communiam
1452 911 1732 990 pasturas
1763 909 1971 970 tocius
1993 913 2185 972 terrae
2216 929 2365 984 suae,
2395 929 2470 970 ac
2499 914 2746 991 postea
2779 907 3028 990 quidam

722 1003 1051 1068 haeredum
1080 1003 1376 1088 praedicti
1420 1003 1671 1066 domini
1715 1003 2048 1087 Ranulphi
2089 1005 2171 1068 de
2215 1003 2462 1086 Metlay
2493 1004 2863 1087 praedictos
2891 1001 3028 1064 reli·
3119 1019 3126 1026 ·
3160 920 3181 1149 4

724 1102 935 1184 giosos
962 1101 1045 1164 de
1074 1100 1441 1162 communia
1468 1103 1746 1182 pasturae
1775 1119 1906 1162 suae
1935 1100 2016 1162 de
2049 1099 2504 1164 Stobbeswood
2547 1105 2625 1162 et
2675 1099 2849 1161 alibi
2877 1096 3034 1179 apud

726 1195 1007 1278 Vlgham
1060 1215 1173 1278 per
1224 1196 1593 1278 potenciam
1645 1195 2006 1259 voluntarie
2057 1195 2408 1278 ejecerunt.
2483 1195 2636 1278 Ego
2687 1195 2738 1258 J
2741 1195 3036 1268 ohannes,

726 1293 947 1354 nolens
992 1291 1163 1374 quod
1206 1291 1427 1354 anima
1470 1309 1617 1353 mea
1645 1291 1749 1354 vel
1779 1291 2012 1354 animae
2041 1295 2510 1354 antecessorum
2557 1311 2684 1354 seu
2717 1287 3042 1352 haeredum

726 1407 1019 1452 meorum
1065 1387 1199 1450 sint
1248 1387 1319 1448 in
1370 1405 1561 1468 poena
1600 1386 1705 1450 vel
1733 1385 2019 1469 periculo
2063 1388 2317 1450 racione
2360 1385 2902 1470 perturbacionis
2945 1402 3044 1444 seu
3182 1379 3193 1450 d,

726 1483 1111 1546 extorcionis
1164 1481 1489 1565 proedictae
1540 1501 1899 1545 communae
1949 1485 2228 1564 pasturae
2279 1503 2320 1545 a
2370 1483 2666 1565 praefatis
2727 1478 3045 1562 religiosis
3187 1473 3194 1484 ’

726 1578 969 1662 injuste
1000 1577 1253 1654 ablatae,
1282 1578 1367 1640 ad
1397 1578 1789 1660 peticionem
1819 1581 1890 1641 et
1919 1579 2306 1642 instanciam
2335 1579 2672 1642 dictorum
2705 1577 3046 1659 religioso-

726 1694 891 1750 rum,
920 1677 989 1736 et
1038 1693 1157 1756 pro
1208 1673 1415 1736 salute
1464 1674 1700 1736 animae
1748 1695 1909 1737 meae
1957 1679 2027 1736 et
2078 1675 2374 1738 omnium
2421 1679 2924 1738 antecessorum
2982 1671 3047 1732 et

728 1770 1059 1833 haeredum
1108 1789 1425 1848 meorum,
1454 1769 1710 1832 reddidi
1755 1774 1825 1832 et
1869 1771 2152 1832 concessi
2199 1771 2444 1833 eisdem
2489 1771 2724 1833 abbati
2779 1773 2856 1831 et
2906 1784 3054 1828 con-

730 1865 975 1941 ventui,
997 1865 1066 1926 in
1098 1864 1387 1942 liberam,
1410 1884 1663 1946 puram,
1684 1869 1755 1927 et
1783 1870 2165 1948 perpetuam
2187 1864 2628 1943 elemosinam,
2652 1863 3048 1948 praedictam
3182 1817 3194 1932 4

730 1981 1135 2026 communam
1166 1965 1445 2044 pasturae
1472 1961 1557 2024 ad
1586 1963 1805 2024 omnia
1847 1961 2156 2024 animalia
2201 1983 2338 2041 sua,
2369 1963 2654 2045 exceptis
2703 1961 2954 2044 capriS‚
2983 1958 3049 2017 in

734 2057 1147 2122 Stobbeswod
1176 2061 1245 2120 et
1272 2057 1454 2134 alibi,
1484 2061 1624 2118 tam
1654 2059 1726 2118 in
1755 2057 1948 2119 bosco
1984 2078 2182 2140 quam
2213 2059 2285 2119 in
2315 2057 2510 2140 plano
2539 2059 2724 2140 apud
2757 2056 3044 2138 Vlgham

732 2154 973 2236 ubique
1002 2175 1081 2216 ex
1110 2157 1295 2236 parte
1322 2152 1555 2215 boriali
1582 2173 1769 2236 aquae
1799 2153 1880 2215 de
1911 2153 2114 2236 Lyne,
2143 2155 2428 2236 exceptis
2459 2153 2672 2216 bladis
2704 2158 2783 2216 et
2817 2149 3042 2236 pratia
3186 2107 3193 2202 4

732 2255 803 2312 et
832 2255 1097 2332 excepto
1114 2249 1175 2312 le
1200 2249 1405 2330 Heye‚
1429 2249 1565 2310 sine
1594 2249 2065 2330 impedimento
2093 2250 2224 2312 mei
2246 2249 2350 2311 vel
2379 2250 2712 2312 haeredum
2745 2262 3043 2311 meorum

734 2348 1233 2429 imperpetuum.
1304 2345 1395 2406 Et
1416 2345 1471 2406 si
1504 2347 1844 2427 contingat
1874 2345 2048 2428 quod
2077 2346 2387 2408 animalia
2417 2346 2754 2408 dictorum
2793 2339 3046 2408 abbatis

732 2448 803 2506 et
832 2447 1181 2506 conventus
1216 2461 1297 2504 ex
1340 2443 1523 2524 parte
1568 2441 1842 2503 australi
1887 2461 2070 2524 aquae
2117 2442 2198 2506 de
2228 2442 2409 2524 Lyne
2449 2443 2834 2519 antedictae,
2868 2441 3042 2502 extra

734 2539 926 2601 blada
949 2543 1016 2601 et
1045 2543 1252 2620 prata,
1276 2541 1352 2600 ut
1382 2537 1768 2620 praedictum
1799 2542 1920 2614 est,
1951 2537 2166 2621 aliquo
2197 2539 2389 2603 modo
2419 2539 2852 2601 inveniantur
2882 2531 3045 2597 infra

734 2639 939 2697 terras
983 2633 1064 2696 de
1106 2633 1413 2716 Vlgham,
1444 2633 1752 2717 praedicta
1797 2633 2108 2697 animalia
2137 2634 2374 2717 absque
2426 2635 2893 2717 inpedimento
2940 2645 3043 2692 seu

736 2730 953 2811 aliqua
998 2728 1129 2791 alia
1175 2729 1502 2791 occasione
1554 2729 2121 2793 rechaceabuntur.
2210 2730 2375 2793 Volo
2419 2732 2626 2793 eciam
2655 2736 2728 2793 et
2759 2724 3044 2793 concedo

736 2844 853 2908 pro
882 2844 985 2885 me
1014 2830 1084 2886 et
1112 2823 1467 2887 haeredibus
1496 2826 1679 2900 meis,
1711 2825 1880 2907 quod
1910 2826 2090 2907 porci
2121 2826 2370 2888 abbatis
2401 2830 2468 2888 et
2497 2832 2861 2889 conventus
2917 2822 3042 2884 sint

738 2920 946 3003 quieti
973 2920 1053 2983 de
1082 2920 1404 3003 pannagio
1432 2921 1501 2982 in
1530 2920 1720 2982 bosco
1749 2940 1894 2983 meo
1925 2922 2004 2983 de
2033 2920 2336 3005 Vlgham.
2427 2922 2616 2983 Hanc
2645 2943 2800 2985 vero
2834 2916 3044 2983 reddi-

740 3017 987 3079 cionem
1038 3020 1108 3078 et
1159 3017 1627 3078 concessionem
1670 3016 1914 3079 eisdem
1963 3016 2184 3079 abbati
2225 3022 2296 3080 et
2339 3019 2685 3080 conventui
2731 3012 3038 3101 praesenti

743 3113 980 3195 scripto
1026 3132 1171 3175 meo
1217 3111 1609 3189 confirmavi,
1653 3113 1948 3175 duratur.
1992 3114 2493 3196 imperpetuum.
2584 3114 2668 3175 In
2712 3116 2818 3193 cuj
2827 3134 2908 3175 us
2951 3106 3040 3171 rei

392 3239 497 3279 μυ.
529 3227 674 3281 1297.
742 3208 1212 3284 testimonium,
1241 3212 1367 3269 etc.
1455 3208 1606 3270 Dat.
1636 3208 1811 3290 apud
1833 3208 2137 3293 Vlgham,
2179 3210 2363 3272 Anno
2393 3209 2660 3273 Domini
2688 3208 3036 3273 millesimo
3187 3160 3191 3233 4

744 3310 891 3367 comp
920 3304 1332 3386 nonagesimo
1364 3303 1661 3385 septimo·
3181 3318 3192 3405 Ι·

3186 3458 3191 3537 1

3186 3612 3189 3671 4

398 3508 521 3559 stem
880 3494 1210 3559 Universis
1262 3494 1377 3557 has
1434 3492 1659 3557 literas
1719 3496 1949 3561 visuris
2009 3499 2112 3561 vel
2173 3499 2514 3579 audituris,
2572 3500 2617 3563 J
2617 3500 2905 3563 ohannes
2963 3496 3036 3558 de

396 3574 510 3627 “m’-
748 3588 1129 3671 Graystock,
1182 3589 1457 3652 salutem
1508 3590 1580 3651 in
1631 3590 1934 3655 Domino.
2049 3594 2213 3657 Cum
2263 3616 2468 3678 nuper
2525 3596 2899 3659 Willelmus
2960 3592 3034 3655 de

748 3686 1042 3767 Offyrton
1073 3685 1371 3762 dedisset,
1395 3688 1824 3764 concessisset,
1848 3692 1918 3751 et
1946 3695 2125 3753 carta
2153 3710 2268 3753 sua
2295 3691 2734 3755 confirmasset
2756 3693 3036 3755 Roberto

745 3782 825 3843 de
854 3780 899 3843 J
900 3780 1108 3863 oneby
1150 3780 1366 3843 hered.
1398 3786 1467 3843 et
1510 3784 1853 3865 assignatis
1899 3787 2052 3862 sui8‚
2084 3807 2287 3849 unum
2329 3788 2569 3851 toftum
2615 3809 2764 3850 cum
2808 3788 3034 3858 orosto,

747 3875 1105 3939 octodecim
1132 3895 1310 3938 acras
1339 3880 1407 3939 et
1437 3878 1782 3941 dimidiam
1810 3882 2000 3944 terrae
2029 3886 2095 3943 et
2125 3882 2284 3945 duas
2313 3904 2489 3945 acras
2519 3884 2691 3966 prati
2720 3905 2870 3946 cum
2901 3901 3036 3967 per-

748 3972 1051 4034 tinenciis
1082 3971 1153 4033 in
1172 3971 1329 4033 villa
1357 3976 1427 4034 et
1454 3975 1778 4038 territorio
1808 3975 1890 4038 de
1919 3976 2328 4060 Stanyngton
2359 3980 2428 4040 in
2458 3981 2772 4042 comitatu
2796 3978 3036 4042 North·
3182 4026 3189 4041 ,

746 4068 1036 4143 umhriae,
1066 4088 1211 4150 quae
1249 4066 1475 4150 jacent·
1520 4090 1634 4151 per
1684 4072 1800 4133 has
1850 4072 2084 4134 divisas
2133 4075 2540 4156 subscriptaS,
2570 4076 2840 4149 scilicet,
2875 4068 3031 4139 fflud
3184 4056 3189 4137 4

746 4165 987 4229 toftum
1035 4184 1184 4226 cum
1237 4164 1441 4227 crofbo
1487 4166 1658 4247 quod
1708 4167 1834 4227 fuit
1883 4166 2138 4231 Ceciliae
2186 4191 2328 4253 quae
2379 4170 2507 4233 fuit
2556 4192 2714 4233 uxor
2743 4170 3034 4254 Hugonis

751 4262 901 4327 Coci
920 4261 1140 4343 jacens
1170 4260 1341 4323 inter
1370 4264 1612 4323 terram
1640 4282 1856 4325 meam
1895 4268 1964 4326 et
1994 4268 2233 4327 terram
2263 4266 2511 4329 domini
2539 4267 2621 4329 de
2651 4268 2926 4349 Wytton
2967 4268 3030 4329 in
3171 4302 3190 4351 ς

750 4358 1160 4441 Claythorpp’
1188 4358 1257 4419 in
1287 4358 1463 4421 dicta
1489 4357 1667 4435 villa,
1700 4359 1841 4421 duae
1859 4379 2024 4423 acrae
2052 4362 2122 4423 in
2152 4363 2481 4425 territorio
2508 4364 2842 4425 antedicto
2871 4359 3030 4447 apud

748 4456 813 4519 la
841 4453 1313 4532 Wharelhowh,
1342 4474 1471 4516 una
1502 4474 1647 4517 acra
1676 4476 1755 4518 ex
1784 4460 1969 4537 parte
2015 4458 2403 4521 occidentali
2452 4459 2806 4521 molendini
2839 4480 3026 4542 aqua·
3180 4520 3187 4563 4
