3367 5350
304 368 445 441 136

314 2378 557 2485 Grani-of

314 2500 403 2549 the
425 2501 582 2549 above

310 2566 380 2631 by
389 2566 552 2629 Roget
564 2566 622 2616 of

311 2630 557 2696 Homoley

312 2702 369 2746 to
392 2699 536 2747 Now-

311 2762 523 2812 minster

312 2827 506 2892 Abbey.

1534 394 2085 447 CHARTULARIUM

650 580 871 625 omnes
914 562 1060 626 illas
1108 564 1455 646 particulas
1500 569 1688 627 terrae
1731 584 1883 625 cum
1927 564 2344 645 pertinenciis
2375 583 2522 645 quae
2541 562 2771 645 jacent
2797 542 2978 622 inter

654 664 892 721 terram
922 680 1136 722 meam
1165 664 1234 722 et
1263 664 1501 723 terram
1532 660 1802 722 Hem-ici
1830 660 1913 721 de
1943 658 2198 721 Rodum
2217 680 2436 721 versus
2453 659 2888 733 occidentem,
2909 660 2986 717 et

655 774 957 836 campum
984 756 1067 818 de
1088 756 1454 839 Hepphale,
1472 761 1542 819 et
1558 761 1836 837 quatuor
1859 775 2036 817 acras
2058 760 2244 817 terrae
2275 776 2355 817 ex
2377 755 2647 817 australi
2669 758 2858 836 parte
2893 751 2984 812 de

658 849 895 915 Cokett
926 851 1121 913 simul
1141 851 1453 934 jacentes,
1478 851 1747 929 scilicet,
1767 872 1808 913 a
1836 844 2340 933 magno'itinere
2371 852 2546 933 quod
2578 870 2642 911 se
2671 848 2990 910 extendit

655 965 769 1029 per
798 948 1085 1009 medium
1107 946 1539 1029 Dunnesleyes
1564 967 1778 1009 versus
1807 952 2100 1009 austrum
2129 967 2330 1028 usque
2361 950 2678 1009 essartum
2702 944 2990 1005 Thomae

656 1043 737 1105 de
766 1042 1099 1120 Bikerton‚
1130 1050 1201 1105 et
1228 1044 1463 1106 deinde
1490 1063 1706 1105 versus
1735 1042 2107 1125 aquilonem
2149 1063 2349 1123 usque
2395 1041 2793 1104 dominicam
2827 1036 2990 1100 cul-

656 1144 873 1201 turam
890 1159 1124 1215 meam,
1136 1159 1286 1201 cum
1302 1143 1561 1220 pastura
1576 1158 1655 1200 ex
1676 1138 1945 1200 australi
1963 1140 2147 1219 parte
2165 1138 2244 1199 de
2265 1136 2484 1199 Koket
2496 1136 2748 1199 duabus
2761 1134 2988 1197 vaccis

659 1238 727 1297 et
756 1254 797 1295 x
826 1234 1198 1295 matricibus
1244 1234 1467 1295 ovibus
1510 1254 1661 1295 cum
1705 1233 1964 1316 sequela
2009 1233 2202 1293 unius
2245 1234 2424 1294 anni.
2517 1232 2694 1293 Hab.
2727 1236 2798 1292 et
2831 1234 2986 1291 ten.

658 1329 853 1411 praed.
884 1330 1135 1411 Rogero
1180 1334 1248 1393 et
1295 1330 1427 1393 her.
1458 1332 1589 1391 suis
1618 1329 1724 1391 vel
1771 1330 1899 1391 suis
1949 1329 2182 1410 assign.
2215 1329 2296 1391 de
2341 1348 2468 1405 me,
2501 1328 2618 1389 lib.
2650 1328 2788 1409 qui.
2819 1346 2992 1387 cum

659 1444 831 1487 omn.
862 1423 1263 1487 libertatibus
1294 1430 1364 1487 et
1392 1426 1615 1489 liberis
1644 1424 2216 1487 consuetudinibus
2247 1428 2315 1487 et
2344 1426 2630 1506 pasturis
2661 1428 2732 1483 et
2761 1422 2992 1484 omni-

660 1520 779 1581 bus
830 1520 1201 1584 asiamentis
1252 1522 1334 1583 ad
1386 1520 1612 1583 villam
1660 1522 1742 1583 de
1792 1522 2070 1583 Kestern
2123 1542 2201 1581 ex
2253 1520 2604 1602 aquilonali
2658 1526 2846 1600 parte
2893 1518 2990 1580 de

662 1614 868 1678 Coket
917 1616 1409 1696 pert-inentibus.
1502 1617 1855 1679 Reddendo
1903 1617 2056 1677 inde
2101 1616 2446 1677 annuatim
2491 1616 2664 1675 mihi
2695 1620 2766 1675 et
2797 1614 2990 1675 here-

662 1710 849 1773 dibus
880 1712 1039 1773 meis
1068 1732 1185 1793 pro
1214 1712 1509 1774 omnibus
1540 1712 1688 1773 aliis
1719 1713 2022 1787 serviciiS,
2053 1711 2624 1773 consuetudinibus
2655 1710 2988 1792 quasdam

662 1810 981 1869 cerotecas
1024 1806 1107 1868 ad
1150 1807 1388 1869 festum
1436 1807 1635 1892 (7010)
1686 1808 1908 1871 Sancti
1953 1807 2311 1869 Michaelis».
2403 1807 2492 1868 Et
2541 1827 2666 1887 ego
2707 1806 2755 1867 J
2755 1806 2863 1866 oh.
2907 1812 2986 1865 et

662 1902 789 1963 her.
822 1921 910 1963 m.
941 1903 1135 1983 praed.
1170 1902 1423 1984 Rogero
1463 1908 1531 1965 et
1576 1903 1714 1966 her.
1747 1924 1795 1965 s.
1828 1902 1932 1964 vel
1961 1904 2090 1964 suis
2125 1904 2361 1984 assign.
2394 1902 2592 1983 praed.
2625 1902 2880 1962 toftum
2908 1906 2986 1961 et

662 2016 834 2059 omn.
865 1997 1061 2078 praed.
1092 2002 1289 2059 terras
1336 2018 1416 2059 ex
1460 2004 1734 2081 utraque
1779 2004 1962 2080 parte
2005 1999 2086 2060 de
2128 1997 2334 2061 Coket
2379 2018 2529 2058 cum
2573 1998 2862 2079 pasturis
2907 2002 2984 2057 et

662 2093 896 2175 pertin.
922 2093 1048 2155 suis
1077 2113 1191 2175 per
1220 2094 1568 2155 servicium
1598 2095 2137 2175 praenominatum
2167 2096 2392 2155 contra
2421 2112 2644 2155 omnes
2675 2092 2985 2153 homines

662 2208 809 2251 war.
840 2188 909 2249 in
946 2194 1340 2270 perpetuum.
1372 2192 1441 2251 et
1468 2188 1595 2251 def.
1689 2189 1838 2250 Hiis
1865 2188 2160 2250 testibus.

796 2378 1040 2456 Sciant,
1069 2390 1192 2441 etc.
1226 2379 1395 2461 quod
1424 2400 1545 2462 ego
1590 2380 1881 2463 Rogems
1911 2381 1992 2442 de
2025 2378 2298 2461 Horsely
2327 2380 2470 2442 ded.
2505 2400 2684 2441 conc.
2717 2385 2788 2441 et
2817 2400 2890 2461 p.
2925 2400 2982 2441 c.

663 2471 751 2535 m.
782 2474 947 2535 conf.
980 2474 1116 2537 Deo
1148 2481 1217 2537 et
1246 2495 1417 2537 mon.
1448 2477 1603 2537 eccl.
1640 2476 1704 2538 S.
1739 2476 1833 2537 M.
1865 2475 2036 2537 Novi
2082 2475 2262 2536 Mon.
2296 2476 2368 2535 in
2413 2475 2528 2537 lib.
2561 2480 2629 2536 et
2673 2496 2860 2557 perp.
2895 2475 2984 2537 el.

662 2568 825 2631 illud
868 2570 1111 2631 toftum
1139 2571 1209 2631 in
1239 2571 1395 2633 villa
1424 2573 1503 2633 de
1536 2572 1837 2646 Kestern,
1869 2572 2039 2652 quod
2069 2570 2440 2659 Willelmus
2484 2570 2660 2631 filius
2707 2572 2986 2633 Moricii

661 2665 1003 2746 aliquando
1020 2666 1254 2744 tenuit,
1273 2671 1341 2728 et
1360 2670 1637 2749 quatuor
1667 2688 1844 2730 acras
1873 2672 2060 2729 terrae
2091 2666 2352 2728 arabilis
2371 2688 2522 2728 cum
2543 2669 2989 2748 pertinenciis

660 2763 731 2822 in
776 2761 1161 2822 occidentali
1204 2769 1389 2843 parte
1435 2763 1705 2826 culturae
1749 2765 1830 2826 de
1874 2763 2176 2845 Dederig,
2207 2763 2474 2838 scilicet,
2505 2763 2551 2845 ij
2603 2784 2782 2825 acras
2825 2785 2990 2845 quae

652 2856 876 2939 jacent
914 2857 1397 2938 propinquiores
1436 2859 1517 2920 de
1558 2859 1621 2920 la
1668 2859 2086 2935 Mereletche‚
2133 2864 2203 2920 et
2246 2859 2292 2940 ij
2342 2879 2520 2920 acras
2565 2879 2711 2940 quae
2745 2859 2988 2941 jacent

660 2951 1146 3035 propinquiores
1175 2957 1360 3015 terrae
1384 2955 1657 3016 Henrici
1687 2955 1768 3016 de
1799 2955 2076 3029 Rodum,
2101 2975 2244 3036 quae
2273 2975 2340 3014 se
2371 2955 2732 3016 extendunt
2755 2977 2988 3018 versus

660 3046 1025 3129 aquilonem
1053 3068 1251 3130 usque
1280 3048 1364 3110 ad
1394 3050 1569 3110 viam
1599 3051 1678 3112 de
1709 3050 2119 3126 Flotwaiton,
2151 3056 2220 3111 et
2249 3071 2466 3112 omnes
2497 3050 2642 3112 illas
2687 3053 2988 3132 particu-

659 3144 755 3207 las
798 3149 987 3206 terrae
1031 3165 1181 3206 cum
1224 3146 1638 3225 pertinenciis
1684 3167 1827 3228 quae
1863 3146 2091 3228 jacent
2130 3147 2302 3207 inter
2331 3151 2574 3208 terram
2619 3148 2875 3209 domini
2909 3152 2988 3210 et

662 3245 901 3302 terram
946 3239 1215 3302 Henrici
1259 3241 1338 3302 de
1383 3241 1642 3302 Rodum
1688 3262 1902 3303 versus
1951 3241 2374 3317 occidentem,
2423 3245 2492 3304 et
2539 3263 2847 3324 campum
2895 3245 2988 3306 de

666 3336 1027 3417 Hepphale,
1076 3340 1144 3398 et
1196 3342 1467 3418 quatuor
1514 3356 1691 3398 acras
1737 3341 1925 3398 terrae
1973 3357 2052 3398 ex
2103 3336 2373 3398 australi
2411 3342 2598 3417 parte
2637 3339 2722 3400 de
2769 3338 2988 3402 Coket

665 3431 856 3494 simul
893 3429 1205 3514 jacentes,
1238 3430 1501 3506 scilicet,
1548 3452 1585 3492 a
1630 3451 1867 3512 magno
1913 3433 2151 3494 itinere
2197 3432 2368 3513 quod
2400 3453 2466 3494 se
2509 3435 2812 3495 extendit
2863 3455 2988 3516 per

664 3528 953 3589 medium
982 3527 1411 3608 Dunnesleyes
1442 3548 1655 3588 versus
1687 3532 1977 3588 austrum
2007 3549 2210 3610 usque
2241 3533 2552 3590 essartum
2599 3530 2868 3592 Thomae
2897 3531 2985 3594 de

666 3621 999 3696 Bikerton,
1030 3626 1098 3683 et
1128 3622 1358 3684 deinde
1388 3643 1605 3684 versus
1634 3623 2004 3704 aquilonem
2022 3644 2223 3705 usque
2246 3625 2326 3685 ad
2346 3625 2741 3686 dominicam
2765 3627 2986 3689 cultu-

666 3738 806 3779 ram
837 3717 880 3778 J
884 3717 1149 3778 ohannis
1180 3718 1260 3778 de
1292 3717 1593 3795 Kestern,
1614 3737 1764 3780 cum
1793 3723 2056 3799 pastura
2073 3739 2150 3780 ex
2169 3720 2434 3781 australi
2461 3725 2645 3802 parte
2663 3721 2744 3782 de
2769 3721 2986 3785 Coket

666 3813 909 3877 duabus
938 3815 1170 3874 vaccis-
1191 3818 1257 3875 et
1285 3835 1327 3874 x
1372 3815 1748 3877 matricibus
1792 3815 2018 3876 ovibus
2064 3837 2214 3877 cum
2261 3818 2516 3898 sequela
2559 3819 2752 3880 unius
2798 3821 2980 3882 anni.

667 3909 837 3972 Hab.
870 3913 939 3970 et
980 3914 1113 3972 ten.
1148 3911 1341 3991 praed.
1372 3932 1497 3974 mo.
1530 3911 1641 3974 lib.
1676 3913 1896 3993 quiete
1941 3917 2009 3973 et
2053 3913 2328 3994 integre,
2361 3935 2510 3975 cum
2559 3934 2730 3977 omn.
2775 3918 2982 3997 perti-

667 4005 934 4083 nenciiS,
962 4005 1391 4080 libertatibuS,
1424 4009 1802 4084 communie,
1847 4012 1912 4069 et
1964 4010 2267 4090 pasturiS‚
2315 4011 2714 4072 omnimodis
2767 4013 2974 4075 asiam

668 4105 751 4170 ad
810 4101 1033 4164 villam
1092 4103 1171 4165 de
1230 4101 1509 4164 Kestern
1569 4123 1647 4164 ex
1709 4103 2008 4184 aquilone
2069 4105 2148 4166 de
2209 4103 2414 4168 Coket
2457 4107 2974 4187 pertinentibus;

670 4199 990 4264 reddendo
1034 4199 1189 4261 inde
1219 4185 1558 4260 annuatim
1602 4199 1772 4259 mihi
1815 4203 1884 4260 et
1913 4199 2046 4261 her.
2079 4199 2245 4261 meis
2289 4221 2404 4282 pro
2435 4221 2607 4262 omn.
2639 4211 2800 4264 serv.
2835 4224 2976 4286 quae

670 4297 889 4380 aliquo
919 4295 1107 4360 modo
1151 4296 1323 4377 exigi
1365 4299 1692 4376 poterunt,
1723 4295 2030 4376 quasdam
2061 4295 2237 4358 albas
2267 4300 2584 4358 cerotecas
2614 4297 2697 4359 ad
2738 4299 2976 4362 festum

674 4393 898 4457 Sancti
955 4391 1313 4454 Michaelis.
1433 4390 1525 4452 Et
1584 4409 1704 4472 ego
1764 4389 1842 4451 R.
1899 4396 1966 4452 et
2027 4392 2160 4454 her.
2221 4411 2304 4454 m.
2353 4413 2500 4454 war.
2563 4395 2765 4475 praed.
2822 4415 2976 4459 mon

669 4489 866 4571 praed.
911 4488 1149 4549 toftum
1190 4491 1257 4548 et
1284 4506 1503 4548 omnes
1548 4485 1741 4565 praed.
1776 4491 1974 4545 terras
2015 4507 2090 4546 ex
2132 4491 2406 4569 utraque
2445 4493 2630 4568 parte
2661 4491 2742 4551 de
2773 4489 2977 4552 Coket
