3367 5350
368 393 517 468 290
836 349 843 356 Ι
1680 404 2062 458 APPENDIX.
3180 427 3187 532 1

720 579 919 642 aliam
948 579 1365 642 medietatem
1396 577 1465 639 in
1494 576 1656 639 festo
1697 575 2124 650 Pentecosten,
2154 595 2270 656 pro
2311 575 2614 638 omnibus
2655 573 2947 638 serviciis
2973 577 3038 636 et

718 675 1053 739 domandis
1098 675 1181 738 ad
1226 695 1339 736 nos
1382 693 1493 736 seu
1538 671 1816 736 haeredes
1859 677 2104 734 nostros
2155 671 2622 753 spectantibus.
2713 673 2832 734 Ita
2877 669 3042 752 quod

720 771 919 834 liceat
950 772 1275 854 praedictis
1303 770 1561 832 domino
1592 767 1935 850 Radulpho
1963 773 2034 830 et
2076 767 2416 850 Margeriae
2469 773 2540 829 et
2585 767 2954 830 haeredibus
2981 773 3044 828 et

724 869 1065 950 assignatis
1118 867 1317 949 ipsius
1362 863 1694 948 Radulphi
1743 885 1854 945 per
1893 863 2114 925 omnia
2153 863 2464 944 praedicta
2499 870 2884 926 tenementa
2921 863 3046 924 dis-

728 966 1009 1048 tringere
1040 964 1573 1048 quandocumque
1612 961 1960 1043 praedictus
2001 960 2290 1022 redditus
2333 961 2404 1022 in
2449 965 2591 1024 toto
2621 961 2726 1024 vel
2757 963 2834 1022 in
2871 965 3048 1043 parte

726 1063 1021 1124 terminis
1078 1059 1401 1143 praedictis
1460 1059 1553 1120 eis
1613 1079 1653 1120 a
1711 1063 1880 1120 retro
1938 1057 2158 1134 fuerit,
2203 1077 2534 1138 quousque
2593 1059 2676 1120 de
2733 1059 3047 1139 praedicbo

726 1159 985 1220 redditu
1032 1157 1125 1219 eis
1174 1157 1240 1216 in
1294 1161 1433 1216 toto
1480 1153 1679 1216 fuerit
1725 1153 2150 1216 satisfactum.
2245 1153 2336 1214 Et
2381 1154 2438 1215 si
2486 1153 2650 1216 forte
2701 1154 3048 1235 contingat

730 1254 1111 1336 praedictum
1142 1249 1545 1312 Willelmum
1574 1255 1642 1311 et
1672 1249 2057 1311 Katerinam
2099 1249 2237 1310 sine
2265 1247 2517 1312 haerede
2561 1250 2645 1312 de
2675 1249 3047 1332 corporibus
3081 1295 3088 1300 .

728 1351 859 1410 suis
888 1347 1183 1430 legitime
1212 1349 1535 1428 procreato
1561 1345 1904 1420 discedere,
1933 1345 2150 1406 omnia
2167 1346 2476 1426 praedicta
2493 1350 2880 1408 tenementa
2905 1366 3050 1407 cum

732 1445 1165 1528 pertinenciis,
1204 1449 1283 1504 ut
1328 1441 1710 1524 praedictum
1759 1447 1878 1516 est,
1927 1441 2234 1522 praedicto
2273 1441 2536 1503 domino
2581 1441 2942 1524 Radulpho
2987 1446 3052 1502 et

732 1541 937 1602 haered
946 1540 1089 1602 ibus
1135 1539 1269 1600 sive
1320 1537 1659 1620 assignatis
1717 1537 1847 1598 suis
1905 1537 2042 1598 sine
2099 1527 2612 1599 contradiccione
2669 1539 2882 1600 nostri
2943 1558 3052 1599 seu

732 1635 1053 1698 haeredum
1082 1641 1439 1696 nostrorum
1466 1631 1751 1715 plenarie
1781 1637 2175 1708 remaneant,
2205 1634 2484 1695 tenenda
2529 1634 2610 1696 de
2653 1635 3054 1716 capitalibus

734 1731 1011 1794 dominis
1042 1730 1211 1792 feodi
1244 1728 1441 1804 illius,
1472 1748 1584 1810 per
1612 1729 1882 1790 servicia
1921 1728 2290 1809 supradicta
2335 1729 2850 1812 imperpetuum.
2951 1730 3054 1792 Ita

734 1827 903 1910 quod
950 1847 1069 1888 nec
1124 1846 1235 1887 nos
1282 1845 1399 1887 nec
1452 1825 1730 1886 haeredes
1775 1825 1998 1900 nostri,
2047 1844 2166 1885 nec
2215 1824 2450 1908 aliquis
2495 1827 2762 1889 nomine
2815 1832 3056 1902 nostro,

734 1923 985 2006 aliquid
1034 1922 1203 2005 juris
1248 1920 1351 1983 vel
1410 1919 1642 1982 clamei
1701 1921 1772 1981 in
1831 1921 2156 2003 praedictis
2203 1924 2590 1984 tenementis
2641 1925 2908 2006 exigere
2954 1923 3054 1984 vel

734 2020 1069 2084 vendicare
1100 2016 1421 2080 valeamus
1452 2016 1519 2076 in
1552 2015 1868 2079 futurum.
1961 2015 2038 2076 In
2069 2016 2252 2098 cujus
2281 2018 2372 2078 rei
2402 2019 2860 2082 testimonium
2893 2041 3056 2102 prae-

734 2115 1020 2178 sentibus
1050 2113 1525 2196 impressionem
1554 2113 1754 2173 nostri
1795 2111 1998 2194 sigilli
2041 2113 2279 2194 apponi
2325 2113 2596 2176 fecimus
2625 2119 2694 2176 et
2738 2116 3052 2198 appendi.

736 2213 885 2274 Hiis
916 2211 1211 2286 testibus,
1240 2208 1517 2270 dominis
1548 2206 1882 2270 willelmo
1925 2209 2004 2270 de
2035 2207 2260 2292 Vescy,
2290 2209 2572 2272 Roberto
2615 2210 2754 2272 filio
2783 2212 3056 2294 Rogeri,

738 2307 1015 2370 Roberto
1074 2307 1387 2381 Bertram‚
1448 2302 1726 2364 Roberto
1783 2303 1864 2365 de
1925 2303 2197 2380 Hilton’,
2257 2304 2538 2368 Roberto
2593 2307 2676 2369 de
2735 2306 2802 2368 la
2867 2308 3054 2383 Vale,

740 2403 1017 2486 Hugone
1078 2401 1390 2484 Gubyone
1448 2398 1669 2475 milit„
1730 2399 2060 2462 willelmo
2131 2400 2507 2485 Bethewyk‚
2565 2403 2910 2466 Willelmo
2977 2406 3056 2466 de

740 2499 995 2575 Felton,
1048 2505 1116 2561 et
1170 2496 1335 2558 aliis.
1427 2495 1582 2558 Dat.
1636 2494 1946 2572 London’,
1995 2495 2101 2558 die
2148 2495 2353 2559 Lunae
2398 2518 2575 2579 prox.
2621 2506 2768 2581 post
2807 2501 3054 2563 festum

386 2615 507 2681 May
534 2617 609 2672 15,
741 2595 1138 2658 Ascensionis
1168 2591 1455 2668 Domini,
1486 2609 1653 2653 anno
1680 2591 1862 2675 regni
1883 2592 2079 2676 Regis
2097 2593 2398 2656 Edwardi
2416 2593 2537 2656 filii
2559 2595 2756 2680 Regis
2775 2598 3056 2661 Henrici

388 2698 494 2733 Μ’·
524 2684 669 2731 1290.
740 2692 993 2755 decimo
1020 2696 1264 2753 octava

394 2921 637 2971 Cantor-ia
876 2895 1126 2959 Deinde
1156 2895 1460 2959 fundavit
1488 2916 1690 2958 unam
1733 2898 2090 2959 cantariam
2134 2898 2306 2979 apud
2351 2896 2761 2981 Tynemouth
2807 2903 3058 2987 imper-

385 2988 626 3103 (ἔσῃ’
744 2998 1017 3077 petuum
1046 2992 1444 3069 duraturam,
1476 2994 1545 3053 in
1576 2993 1712 3055 haec
1743 2994 1953 3056 verba.

876 3202 1191 3267 Omnibus
1244 3200 1481 3264 Christi
1528 3199 1828 3263 fidelibus
1867 3202 1950 3263 ad
1979 3222 2136 3283 quos
2166 3223 2434 3284 praesens
2475 3206 2790 3289 scriptum
2830 3229 3058 3290 perve-

742 3301 935 3377 nerit,
972 3300 1155 3361 Prior
1185 3304 1253 3361 et
1298 3302 1649 3360 conventus
1702 3298 1782 3359 de
1835 3298 2290 3380 Tynemouth,¹
2338 3299 2614 3363 salutem
2652 3303 2722 3363 in
2773 3304 3058 3368 Domino

744 3397 1217 3479 sempiternam.
1307 3394 1371 3455 Ν
1372 3394 1631 3455 overitis
1691 3394 1863 3475 quod
1921 3415 2072 3455 cum
2131 3397 2511 3459 venerabilis
2586 3405 2772 3481 pater
2845 3408 3061 3465 noster

746 3494 965 3575 Hugo,
996 3492 1101 3553 dei
1133 3490 1350 3573 gracia
1380 3488 1576 3551 abbas
1622 3491 1703 3553 de
1734 3490 1972 3553 Sancto
2002 3491 2254 3553 Albano
2298 3498 2361 3555 et
2409 3493 2697 3576 ejusdem
2742 3496 2870 3559 loci
2901 3519 3056 3561 con·
3135 3487 3148 3495 ³

744 3595 975 3651 ventus
1006 3591 1449 3650 concesserunt
1478 3586 1682 3648 nobili
1714 3587 1850 3648 viro
1880 3588 2140 3650 domino
2170 3588 2513 3672 Radulpho
2544 3590 2680 3654 filio
2709 3592 3058 3679 Willelmi,

745 3686 965 3747 baroni
996 3684 1077 3745 de
1109 3682 1451 3765 Graystok,
1480 3702 1595 3764 pro
1639 3682 1968 3745 beneficiis
2013 3689 2082 3746 et
2125 3684 2464 3749 honoribus
2506 3688 2768 3751 diversis
2813 3692 2938 3753 sibi
2985 3700 3054 3755 et

745 3781 1024 3845 ecclesiae
1056 3800 1183 3841 suae
1214 3780 1294 3841 de
1326 3778 1561 3841 Sancto
1590 3778 1841 3841 Albano
1885 3800 1996 3861 per
2040 3781 2252 3862 ipsum
2298 3782 2715 3865 Radulphum
2745 3788 3055 3870 impensis

745 3877 828 3940 ad
887 3875 1346 3937 inveniendum
1406 3895 1611 3935 unum
1671 3875 2076 3957 capellanum
2151 3877 2515 3941 saecularem
2589 3882 2915 3964 ydoneum
2987 3894 3056 3949 et

746 3976 1085 4037 honestum
1116 3975 1184 4033 et
1227 3969 1653 4032 sufficientem
1697 3971 1866 4033 infra
1909 3973 2264 4055 prioratum
2304 3980 2596 4037 nostrum
2643 3981 3056 4043 antedictum

748 4072 971 4136 divina
1000 4067 1470 4131 celebraturum
1504 4068 1983 4149 imperpetuum
2013 4088 2130 4150 pro
2159 4070 2496 4133 animabus
2514 4072 2678 4134 dicti
2703 4074 3060 4159 Radulphi,

750 4167 993 4234 domini
1040 4165 1083 4228 J
1086 4164 1352 4227 ohannis
1398 4164 1724 4245 quondam
1770 4164 2022 4226 baronis
2067 4165 2146 4226 de
2193 4166 2513 4248 Graystok
2544 4172 2808 4251 cognati
2836 4174 2960 4251 sui,
2992 4180 3060 4237 et

749 4266 1038 4331 omnium
1066 4266 1407 4345 parentum
1438 4260 1760 4328 dictorum
1795 4260 2127 4343 Radulphi
2172 4267 2240 4325 et
2283 4261 2327 4324 J
2329 4264 2620 4341 ohannis,
2649 4285 2900 4330 necnon
2945 4291 3060 4353 pro

855 4462 875 4493 ¹
912 4456 1255 4530 Tynemouth
1280 4472 1393 4509 was
1418 4454 1575 4507 made
1612 4472 1645 4507 a
1668 4453 1772 4508 cell
1795 4453 1858 4507 of
1878 4452 1959 4507 St.
1987 4454 2213 4509 Alban's
2239 4457 2399 4512 when
2424 4458 2719 4514 refounded
2745 4460 2819 4534 by
2843 4462 3056 4520 Robert

748 4542 814 4594 de
838 4536 1137 4607 Mowbray,
1161 4534 1293 4587 Earl
1319 4534 1380 4587 of
1400 4534 1449 4586 N
1454 4533 1910 4600 orthumberland‚
1933 4547 2041 4587 Λα).
2071 4536 2227 4589 1090.
