3367 5350
1093 385 1187 437 nn
1231 386 1427 438 Novo
1476 385 1952 442 MONAsrnmo.
2930 365 3023 436 13

305 559 494 637 01110,
533 561 627 623 111
657 557 1052 621 escambium
1079 555 1377 638 praedicti
1408 557 1701 619 redditus
1731 557 2190 640 praedictorum
2220 579 2261 621 x
2292 557 2664 635 solidorum,

304 661 572 720 totam
611 673 1022 720 communam
1050 657 1328 735 pasturae
1358 673 1486 716 suae
1515 653 1596 715 de
1645 653 2081 737 Schelingley,
2134 657 2303 718 sicut
2354 652 2461 718 die
2514 676 2666 718 con-

305 751 676 816 feccionis
707 752 904 834 hujus
951 749 1177 831 scripti
1207 748 1680 811 includebatur.
1756 749 2056 814 Habend.
2089 756 2157 814 et
2208 752 2470 815 tenend.
2503 773 2666 834 prae-

311 849 534 912 dicto
573 851 848 913 domino
884 846 1168 910 Roberto
1222 850 1292 907 et
1335 845 1680 908 heredibus
1729 847 1857 908 suis
1908 848 2201 929 quietam
2229 848 2311 910 de
2340 849 2668 931 praedictis

310 946 609 1008 abbate
640 951 708 1008 et
739 947 1065 1007 conventu
1117 945 1188 1004 et
1235 961 1456 1003 eorum
1501 942 1965 1004 successoribus
2008 944 2082 1004 in
2128 949 2538 1026 perpetuum,
2570 945 2668 1005 ita
2790 961 2795 968 ·

311 1044 536 1124 quod
591 1063 712 1104 nec
760 1040 1056 1123 praedicti
1109 1038 1307 1100 abbas
1355 1041 1424 1100 et
1471 1043 1823 1101 conventus
1876 1059 1996 1102 nec
2026 1060 2245 1102 eorum
2286 1059 2668 1102 successores

313 1139 720 1221 aliquando
742 1138 854 1220 jus
885 1137 988 1199 vel
1038 1135 1350 1197 clamium
1403 1136 1474 1196 in
1521 1135 1833 1217 praedicta
1884 1157 2229 1199 communa
2280 1142 2558 1219 pasturae
2587 1136 2669 1198 de

317 1233 791 1317 Schelingley
821 1234 902 1295 de
947 1236 1179 1295 caetero
1211 1231 1469 1312 exigere
1514 1234 1825 1313 poterunt
1868 1236 1986 1294 aut
2029 1233 2389 1295 vendicare.
2479 1233 2570 1294 Et
2612 1232 2669 1294 si

310 1333 712 1413 contingat
743 1329 912 1412 quod
941 1327 1256 1391 animalia
1284 1327 1744 1409 praedictorum
1788 1327 2237 1410 religiosorum
2288 1330 2358 1390 in
2406 1333 2671 1411 pastura

320 1427 424 1488 (10
456 1426 896 1508 Schelingley
925 1445 1040 1508 pro
1072 1423 1332 1486 defectu
1359 1422 1703 1484 clausturae
1732 1424 2124 1486 intraverint
2144 1421 2313 1509 (60),
2336 1425 2671 1506 quociens-

325 1545 652 1607 cumque
697 1523 1070 1606 contigerit,
1115 1520 1352 1602 absque
1411 1519 1548 1581 ulla
1589 1521 1888 1582 evasione
1930 1525 1998 1584 et
2049 1521 2351 1602 parca-gio
2398 1521 2671 1602 proinde

327 1621 591 1682 dando
639 1623 835 1701 atque
885 1621 1023 1681 sine
1072 1618 1251 1680 omni
1303 1617 1678 1699 gravamine
1728 1617 1829 1680 vel
1880 1618 2179 1680 molestia
2237 1617 2521 1700 benigne
2572 1637 2675 1678 10-

331 1716 798 1798 fugabuntur.
2728 1761 2745 1817 s

506 1908 737 1972 Sciant
765 1913 886 1971 etc.
920 1907 1089 1990 quod
1119 1927 1238 1990 ego
1259 1907 1622 1970 Willelmus
1638 1908 1961 1970 Masculus
1979 1909 2243 1971 consilio
2261 1911 2330 1970 et
2347 1907 2677 1970 voluntate
2706 1855 2740 1930 Δ
2830 1911 2921 1977 viij

341 2003 690 2088 Maieryae
719 2005 930 2067 uxoris
948 2019 1119 2066 ‘meae
1148 2003 1297 2065 dedi
1325 2008 1393 2066 et
1423 2025 1597 2067 conc.
1616 2010 1698 2067 et
1725 2025 1906 2086 praeS.
1938 2011 2115 2067 carta
2157 2026 2300 2068 mea
2344 2005 2507 2067 conf.
2540 2003 2677 2065 Deo
2722 1978 3024 2109 Ξζζξιξῆἓξῧ

344 2106 427 2164 et
465 2103 552 2164 B.
589 2103 909 2165 Mariae‘et
951 2101 1278 2164 monachis
1320 2101 1493 2163 Novi
1535 2101 1717 2164 Mon.
1748 2123 1864 2184 pro
1895 2102 2099 2164 salute
2144 2104 2377 2164 animae
2422 2121 2581 2163 meae
2611 2105 2679 2162 et
2724 2113 2792 2174 by
2816 2111 2955 2159 Win.

354 2199 598 2259 uxoris
645 2218 826 2273 meae,
855 2201 1159 2259 anteceSS.
1193 2200 1262 2258 et
1305 2196 1520 2258 hered.
1566 2217 1857 2259 meorum
1902 2202 1970 2259 et
2013 2218 2127 2279 pro
2172 2199 2387 2259 anima
2433 2197 2677 2258 domini
2723 2176 2995 2292 fflaseulus,

348 2297 504 2356 mei
539 2294 806 2358 Roberti
836 2294 960 2355 filii
991 2293 1250 2377 Rogeri,
1280 2293 1352 2354 in
1382 2293 1670 2369 liberam,
1689 2314 1917 2375 puram
1946 2297 2015 2354 01,
2041 2298 2418 2376 perpetuam
2446 2293 2679 2355 elemo-

349 2391 608 2465 sinam,
638 2410 787 2452 cum
815 2410 1074 2472 corpore
1103 2410 1246 2452 meo
1276 2395 1344 2452 et
1373 2410 1525 2451 cum
1554 2409 1813 2472 corpore
1841 2391 2053 2452 uxoris
2084 2411 2267 2465 meae,
2290 2411 2486 2453 11110111
2515 2388 2677 2475 (sic)

350 2487 780 2570 mesuagium
830 2488 902 2548 in
948 2486 1106 2548 villa
1157 2488 1236 2549 de
1283 2485 1671 2576 Riplington
1724 2491 1793 2548 et
1835 2507 1877 2547 x
1909 2502 2083 2548 acras
2132 2491 2317 2549 terrae
2362 2491 2430 2549 et
2478 2507 2675 2549 unam
2722 2503 2955 2570 Riplinq-

350 2585 596 2646 rodam
642 2604 790 2670 cum
846 2583 1258 2665 pertinenciis
1318 2580 1444 2644 suis
1503 2584 1573 2644 in
1631 2603 1858 2664 campo
1916 2583 2197 2665 ejusdem
2246 2584 2438 2660 villae,
2490 2584 2676 2663 illud,
2716 2578 2819 2621 ‘⁰⁷⁸-

355 2681 641 2756 scilicet,
665 2682 1066 2761 mesuagium
1095 2680 1264 2761 quod
1295 2680 1608 2743 Robertus
1637 2680 1718 2742 de
1748 2680 2079 2742 Netilham
2100 2682 2336 2757 tenuit,
2356 2682 2679 2757 videlicet,

355 2778 796 2859 propinquius
838 2797 1054 2839 versus
1100 2777 1416 2838 orientem
1463 2797 1541 2838 ex
1587 2776 1939 2858 aquilonali
1986 2782 2170 2859 parte
2216 2778 2406 2855 villae,
2436 2784 2505 2841 01,
2549 2784 2679 2841 tres

360 2894 548 2935 acras
607 2878 793 2936 terrae
837 2878 903 2935 et
957 2872 1298 2935 dimidiam
1349 2873 1432 2934 ad
1477 2872 1538 2935 10
1589 2872 1981 2954 Langerode,
2030 2878 2096 2935 et
2142 2874 2215 2957 iij
2269 2894 2444 2936 acras
2485 2875 2681 2957 juxta

359 2970 696 3051 petariam
718 2969 1204 3051 propinquiores
1223 2988 1435 3031 versus
1454 2968 1845 3050 aquilonem,
1870 2974 1939 3031 et
1959 2968 1988 3051 j
2014 2990 2225 3031 acram
2248 2975 2315 3032 et
2334 2970 2679 3034 dimidiam

363 3066 453 3127 ad
515 3064 884 3139 Henneflat,
930 3070 998 3127 et
1042 3086 1080 3127 v
1133 3066 1316 3127 rodas
1377 3066 1457 3127 ad
1504 3065 1566 3128 le
1614 3065 1963 3141 Garebrad,
2016 3071 2085 3128 et
2124 3066 2154 3149 j
2212 3088 2424 3129 acram
2477 3069 2557 3131 ad
2616 3068 2679 3131 10

363 3162 754 3225 Harestane.
845 3162 1125 3224 Tenend.
1157 3166 1226 3223 et
1251 3162 1525 3225 habend.
1559 3163 1639 3225 de
1686 3184 1790 3226 me
1834 3168 1903 3226 et
1944 3164 2281 3226 heredibus
2324 3166 2484 3226 meis
2529 3188 2677 3227 cum

363 3260 702 3321 communi
731 3263 992 3339 pastura
1019 3262 1088 3319 et
1116 3278 1266 3318 cum
1310 3259 1605 3320 omnibus
1647 3260 2058 3321 libertatibus
2088 3265 2155 3321 et
2183 3261 2553 3322 asiamentis
2597 3262 2678 3324 ad

365 3354 647 3417 eandem
690 3354 920 3417 villam
964 3354 1422 3437 spectantibuS,
1469 3355 1628 3417 adeo
1670 3354 1891 3429 libere,
1938 3356 2179 3436 quiete,
2224 3360 2292 3416 et
2340 3356 2544 3419 solute
2597 3358 2677 3419 ab

364 3451 670 3513 omnibus
729 3450 1000 3513 terrenis
1059 3450 1356 3543 serviciis⁸
1401 3451 1570 3513 sicut
1625 3450 1846 3533 aliqua
1904 3449 2247 3513 elemosina
2299 3451 2559 3515 liberius
2612 3460 2679 3518 et

364 3549 662 3630 quiecius
690 3547 831 3610 dari
859 3552 1072 3629 potest
1099 3551 1213 3610 aut
1241 3547 1566 3629 possideri,
1595 3551 1719 3609 etc.

508 3738 842 3815 Omnibus,
873 3742 994 3801 etc.
1026 3736 1345 3802 Robertus
1393 3740 1564 3802 filius
1615 3741 1875 3824 Rogeri,
1908 3741 2199 3804 salutem.
2292 3740 2525 3807 Sciatis
2571 3765 2675 3807 me
2845 3754 2900 3803 ix

369 3853 551 3895 conc.
598 3837 668 3895 et
712 3834 856 3896 ded.
889 3838 956 3896 et
999 3835 1118 3896 hac
1161 3856 1344 3917 praes,
1391 3841 1571 3899 carta
1613 3857 1759 3899 mea
1802 3839 1966 3900 conf.
1998 3838 2328 3901 Willelmo
2386 3839 2675 3904 Masculo
2722 3819 2971 3935 ssffinfff

369 3950 490 4012 pro
535 3930 838 4011 homagio
882 3934 952 3991 et
995 3932 1263 3993 servicio
1307 3952 1418 3994 suo
1459 3931 1576 3994 lx‘0
1619 3933 1921 3996 solidatas
1964 3940 2149 3997 terrae
2189 3957 2336 3998 cum
2380 3938 2677 4001 omnibus
2721 3952 3019 4015 Riplington

368 4026 790 4108 pertinenciis
821 4026 890 4087 in
920 4024 1077 4087 villa
1116 4026 1196 4088 de
1241 4026 1649 4111 Riplington,
1694 4028 1965 4091 habend.
1998 4035 2067 4092 et
2108 4032 2365 4095 tenend.
2397 4035 2468 4096 in
2490 4035 2675 4098 feodo
2722 4018 2980 4131 ᾕὸζζᾞιω

371 4126 441 4185 01,
487 4122 844 4183 hereditate
895 4121 976 4183 de
1021 4141 1127 4183 me
1178 4126 1247 4183 et
1291 4123 1629 4185 heredibus
1673 4126 1833 4187 meis
1878 4126 2001 4188 sibi
2047 4130 2115 4187 et
2157 4129 2492 4192 heredibus
2523 4132 2675 4207 01110,
2722 4148 2790 4211 by
2808 4149 2999 4197 Robert

370 4218 595 4293 libere,
625 4218 864 4299 quiete,
894 4222 963 4280 et
1008 4217 1234 4293 salute,
1277 4218 1570 4282 faciendo
1616 4220 1780 4281 mihi
1826 4226 1895 4283 et
1944 4222 2282 4285 heredibus
2329 4228 2491 4288 meis
2538 4229 2675 4309 ipse
2720 4214 2831 4264 Fitz
2842 4214 3025 4277 Roget.

373 4314 740 4393 Willelmus
777 4319 841 4376 et
883 4313 1148 4376 heredes
1187 4316 1288 4377 sui
1332 4316 1650 4378 decimam
1687 4321 1937 4398 partem
1982 4320 2236 4381 servicii
2266 4320 2436 4383 feodi
2487 4324 2677 4385 11111110

372 4410 608 4472 militis
667 4430 784 4492 pro
842 4409 1140 4473 omnibus
1199 4412 1646 4475 exaccionibus
1697 4418 1766 4475 et
1814 4433 1987 4476 omn.
2053 4416 2355 4478 serviciis·
2468 4418 2677 4481 Testi-

376 4507 515 4581 bus,
546 4511 670 4569 etc.
